<?xml version="1.0" encoding="UTF-8"?><collection xmlns="http://www.loc.gov/MARC21/slim"><record><leader>00336nam--2200133-i-4500</leader><controlfield tag="001">000024807</controlfield><controlfield tag="002">20161230</controlfield><controlfield tag="005">20161230201035</controlfield><controlfield tag="008">060222s1000------------r-----000-0-eng-d</controlfield><datafield ind1=" " ind2=" " tag="080"><subfield code="a">519.216</subfield></datafield><datafield ind1=" " ind2=" " tag="245"><subfield code="a">Elemente de modulare stohastica</subfield></datafield><datafield ind1=" " ind2=" " tag="260"><subfield code="a">Bucuresti,Editura Tehnica, 1984. 372p</subfield></datafield><datafield ind1=" " ind2=" " tag="700"><subfield code="a">Iosifescu, Marius/S.A.</subfield></datafield><datafield ind1=" " ind2=" " tag="852"><subfield code="a">72270</subfield></datafield></record></collection>